
   <record>
      <leader>00000nz  a2200000nc 4500</leader>
      <controlfield tag="001">institutions/30081001</controlfield>
      <controlfield tag="003">DE-633</controlfield>
      <controlfield tag="005">20250620052134.0</controlfield>
      <controlfield tag="008">161109||||z|||a|||||||||||||||||n||||||d</controlfield>
      <datafield tag="024" ind1="7" ind2=" ">
         <subfield code="a">VE-Ccediam</subfield>
         <subfield code="q">siglum</subfield>
         <subfield code="2">rism</subfield>
      </datafield>
      <datafield tag="040" ind1=" " ind2=" ">
         <subfield code="a">DE-633</subfield>
         <subfield code="c">DE-633</subfield>
         <subfield code="e">rismg</subfield>
      </datafield>
      <datafield tag="043" ind1=" " ind2=" ">
         <subfield code="c">XD-VE</subfield>
      </datafield>
      <datafield tag="110" ind1="2" ind2=" ">
         <subfield code="a">Centro de Documentación e Investigaciones Acústico-Musicales de la Universidad Central de Venezuela (CEDIAM-UCV)</subfield>
         <subfield code="c">Caracas</subfield>
         <subfield code="g">VE-Ccediam</subfield>
      </datafield>
      <datafield tag="368" ind1=" " ind2=" ">
         <subfield code="a">Institution</subfield>
      </datafield>
      <datafield tag="368" ind1=" " ind2=" ">
         <subfield code="a">Library</subfield>
      </datafield>
      <datafield tag="371" ind1=" " ind2=" ">
         <subfield code="a">Centro de Documentación e,  Investigaciones Acústico-Musicales de,  la Universidad Central de Venezuela,  (CEDIAM-UCV), Ciudad Universitaria de Caracas -,  Edificio Biblioteca Central, Nivel Mezzanina, 1053 Caracas, Venezuela</subfield>
         <subfield code="u">http://www.sicht.ucv.ve:8080/cediam/index.htm</subfield>
      </datafield>
      <datafield tag="551" ind1=" " ind2=" ">
         <subfield code="a">Caracas</subfield>
         <subfield code="0">places/3904825</subfield>
      </datafield>
   </record>